


 @article{van2016brief,
  title={A brief introduction to distributed systems},
  author={Van Steen, Maarten and Tanenbaum, Andrew S},
  journal={Computing},
  volume={98},
  pages={967--1009},
  year={2016},
  publisher={Springer}
}

 @misc{Mygithubrepo,
    author = {Saad Alkhudaydi},
    title = {{GitHub Repository}},
    published = {GitHub Repository},
    note = {\url{https://github.com/Saadkhudaydi/COMP_3100_Project}}
}

 @misc{W3SHashmap,
    author = {W3school},
    title = {{HashMap}},
    note = {\url{https://www.w3schools.com/java/java_hashmap.asp}}
}

 @misc{W3SArrayList,
    author = {W3school},
    title = {{Arraylist}},
    note = {\url{https://www.w3schools.com/java/java_arraylist.asp}}
}

@misc{Dsimgithub,
    author = {ds-server},
    title = {{GitHub Repository of ds-server used}},
    note = {\url{https://github.com/distsys-MQ/ds-sim}}
}






